<record><leader>00000cas a22000007a 4500</leader><controlfield tag="001">11109265</controlfield><controlfield tag="008">840831c19729999nyumr ne      0   a0eng d</controlfield><datafield ind1=" " ind2=" " tag="010"><subfield code="a">sn 84006852 </subfield></datafield><datafield ind1=" " ind2=" " tag="040"><subfield code="a">NSD</subfield><subfield code="b">eng</subfield><subfield code="c">NSD</subfield><subfield code="d">NPH</subfield><subfield code="d">CNW</subfield><subfield code="d">OCLCQ</subfield><subfield code="d">OCLCF</subfield><subfield code="d">OCLCO</subfield></datafield><datafield ind1=" " ind2=" " tag="012"><subfield code="l">1</subfield><subfield code="m">x</subfield></datafield><datafield ind1="1" ind2=" " tag="022"><subfield code="a">0749-0410</subfield><subfield code="l">0749-0410</subfield><subfield code="2">1</subfield></datafield><datafield ind1="1" ind2=" " tag="029"><subfield code="a">AU@</subfield><subfield code="b">000020337739</subfield></datafield><datafield ind1=" " ind2=" " tag="037"><subfield code="b">Panagraphics, 761 Fillmore Ave., Suite 201, Buffalo, NY 14212</subfield></datafield><datafield ind1=" " ind2=" " tag="042"><subfield code="a">nsdp</subfield><subfield code="a">msc</subfield></datafield><datafield ind1="0" ind2=" " tag="130"><subfield code="a">Pol Am journal (Scranton, Pa. : Polish Beneficial Association (U.S.) ed.)</subfield></datafield><datafield ind1=" " ind2="0" tag="222"><subfield code="a">Pol-Am journal - Polish Beneficial Association (U.S.)</subfield></datafield><datafield ind1="1" ind2="0" tag="245"><subfield code="a">Pol Am journal :</subfield><subfield code="b">official newspaper, Polish Beneficial Association.</subfield></datafield><datafield ind1="3" ind2="0" tag="246"><subfield code="a">Polish American journal</subfield></datafield><datafield ind1=" " ind2=" " tag="260"><subfield code="a">Scranton, Pa. :</subfield><subfield code="b">[s.n.],</subfield><subfield code="c">1972-</subfield></datafield><datafield ind1=" " ind2=" " tag="300"><subfield code="a">v. :</subfield><subfield code="b">ill. ;</subfield><subfield code="c">38 cm.</subfield></datafield><datafield ind1=" " ind2=" " tag="310"><subfield code="a">Monthly</subfield></datafield><datafield ind1="0" ind2=" " tag="362"><subfield code="a">Vol. 61, no. 17 &amp; 18 (Aug. 1972)-</subfield></datafield><datafield ind1=" " ind2=" " tag="500"><subfield code="a">Editor: Henry J. Dende, Aug. 1972-&lt;1982&gt;.</subfield></datafield><datafield ind1=" " ind2=" " tag="500"><subfield code="a">Published in Buffalo, N.Y., &lt;July 15, 1984-&gt;.</subfield></datafield><datafield ind1=" " ind2=" " tag="500"><subfield code="a">Publisher: Panagraphics, &lt;July 15, 1984-&gt;.</subfield></datafield><datafield ind1=" " ind2=" " tag="500"><subfield code="a">Headquarters of the Polish Beneficial Association (U.S.)--located in Philadelphia, Pa.</subfield></datafield><datafield ind1=" " ind2=" " tag="580"><subfield code="a">Published in three eds. serving several organizations, &lt;1978-1983&gt;: PNA (Polish National Alliance)--Brooklyn and Chicago, PBA (Polish Beneficial Association)--Sons of Poland and Polish Union, and National. Published in six eds., 1983-: Chicago, PNA, SP, PU, PBA, and National.</subfield></datafield><datafield ind1=" " ind2="0" tag="650"><subfield code="a">Polish Americans</subfield><subfield code="v">Newspapers.</subfield></datafield><datafield ind1=" " ind2="4" tag="651"><subfield code="a">Scranton (Pa.)</subfield><subfield code="v">Newspapers.</subfield></datafield><datafield ind1=" " ind2="4" tag="651"><subfield code="a">Buffalo (N.Y.)</subfield><subfield code="v">Newspapers.</subfield></datafield><datafield ind1=" " ind2="7" tag="655"><subfield code="a">Newspapers.</subfield><subfield code="2">fast</subfield><subfield code="0">(OCoLC)fst01423814</subfield></datafield><datafield ind1=" " ind2="7" tag="650"><subfield code="a">Polish Americans.</subfield><subfield code="2">fast</subfield><subfield code="0">(OCoLC)fst01068870</subfield></datafield><datafield ind1="2" ind2=" " tag="710"><subfield code="a">Polish Beneficial Association (U.S.)</subfield></datafield><datafield ind1=" " ind2=" " tag="752"><subfield code="a">United States</subfield><subfield code="b">Pennsylvania</subfield><subfield code="c">Lackawanna</subfield><subfield code="d">Scranton.</subfield></datafield><datafield ind1=" " ind2=" " tag="752"><subfield code="a">United States</subfield><subfield code="b">Pennsylvania</subfield><subfield code="c">Philadelphia</subfield><subfield code="d">Philadelphia.</subfield></datafield><datafield ind1=" " ind2=" " tag="752"><subfield code="a">United States</subfield><subfield code="b">New York</subfield><subfield code="c">Erie</subfield><subfield code="d">Buffalo.</subfield></datafield><datafield ind1="1" ind2=" " tag="775"><subfield code="t">Pol Am journal (Scranton, Pa. : Polish Union of the U.S.A. ed.)</subfield><subfield code="w">(DLC)sn 84006854</subfield><subfield code="w">(OCoLC)11109148</subfield></datafield><datafield ind1="1" ind2=" " tag="775"><subfield code="t">Pol Am journal (Scranton, Pa. : Polish National Alliance of Brooklyn, U.S.A. ed.)</subfield><subfield code="w">(DLC)sn 84006851</subfield><subfield code="w">(OCoLC)11109629</subfield></datafield><datafield ind1="1" ind2=" " tag="775"><subfield code="t">Pol Am journal (Scranton, Pa. : National ed.)</subfield><subfield code="w">(DLC)sn 84006855</subfield><subfield code="w">(OCoLC)11109095</subfield></datafield><datafield ind1="1" ind2=" " tag="775"><subfield code="t">Pol Am journal (Scranton, Pa. : Chicago ed.)</subfield><subfield code="w">(DLC)sn 84006856</subfield><subfield code="w">(OCoLC)11109047</subfield></datafield><datafield ind1="1" ind2=" " tag="775"><subfield code="t">Pol-Am journal (Scranton, Pa. : Association of the Sons of Poland ed.)</subfield><subfield code="w">(DLC)sn 84006853</subfield><subfield code="w">(OCoLC)11109215</subfield></datafield><datafield ind1="0" ind2="0" tag="780"><subfield code="t">Polish-American journal (Scranton, Pa. : Polish Beneficial Association (U.S.) ed.)</subfield><subfield code="w">(DLC)sn 85038426</subfield><subfield code="w">(OCoLC)2266313</subfield></datafield><datafield ind1=" " ind2=" " tag="936"><subfield code="a">July 15, 1984</subfield></datafield></record>